@article{4-3,
	author = {傅刚 and 赵承 and 李佳路},
	title = {大风沙过后的思考},
	type = {N/OL},
	journal = {北京青年报},
	date = {2000-04-12},
	url = {http://www.bjyouth.com.cn/Bgb/20000412/GB/4216%5ED0412B1401.htm},
	urldate = {2005-07-12},
	language = {chinese},
}

@article{a7-4,
	author = {des Marais, D. J. and Strauss, H. and Summons, R. E. and Other Authors},
	title = {Carbon isotope evidence for the stepwise oxidation of the Proterozoic environment},
	type = {J},
	journal = {Nature},
	year = {1992},
	volume = {359},
	pages = {605-609},
	language = {english},
}

@book{1-2,
	author = {昂温, G. and 昂温, P. S.},
	title = {外国出版史},
	translator = {陈生铮},
	type = {M},
	location = {北京},
	publisher = {中国书籍出版社},
	year = {1988},
	language = {chinese},
}

@book{1-7,
	author = {王夫之},
	title = {宋论（刻本）},
	type = {M},
	location = {金陵},
	publisher = {曾氏},
	sortyear = {1845},
	year = {1845\textmd{（清同治四年）}},
	language = {chinese},
}

@book{1-9,
	author = {Piggot, T. M.},
	title = {The cataloguer's way through AACR2: from document receipt to document retrieval},
	type = {M},
	location = {London},
	publisher = {The Library Association},
	year = {1990},
	language = {english},
}

@book{1-10,
	author = {Peebles, Jr., P. Z.},
	title = {Probability, random variable, and random signal principles (4th ed.)},
	type = {M},
	location = {New York},
	publisher  = {McGraw Hill},
	year = {2001},
	language = {english},
}

@book{a1-2,
	author = {蒋有绪 and 郭泉水 and 马娟 and 其他作者},
	title = {中国森林群落分类及其群落学特征},
	type = {M},
	location = {北京},
	publisher = {科学出版社},
	year = {1998},
	language = {chinese},
}

@book{a1-5,
	author = {汪昂},
	title = {（增补）本草备要},
    edition={石印本},
	type = {M},
	location = {上海},
	publisher = {同文书局},
	year = {1912},
	language = {chinese},
}

@book{a1-7,
	organization = {{International Federation of Library Association and institutions}},
	title = {Names of persons: national usages for entry in catalogues },
    edition={3rd ed},
	type = {M},
	location = {London},
	publisher = {IFLA International Office for UBC},
	year = {1977},
	language = {english},
}

@incollection{2-2,
	author = {陈晋镶 and 张惠民 and 朱士兴 and 其他作者},
	title = {蓟县震旦亚界研究},
	type = {M},
	bookauthor = {中国地质科学院天津地质矿产研究所},
	booktitle = {中国震旦亚界},
	location = {天津},
	publisher = {天津科学技术出版社},
	year = {1980},
	pages = {56-114},
	language = {chinese},
}

@incollection{2-6,
	author = {Weinstein, L. and Swertz, M. N.},
	title = {Pathogenic properties of invading microorganism},
	type = {M},
	bookauthor = {Sodeman, Jr., W. A. and Sodeman, W. A.},
	booktitle = {Pathologic physiology: mechanisms of disease},
	location = {Philadelphia},
	publisher = {Saunders},
	year = {1974},
	pages = {745-772},
	language = {english},
}

@incollection{a6-1,
	organization = {国家标准局信息分类编码研究所},
	title = {GB/T 2659--1986 世界各国和地区名称代码},
	type = {S},
	bookorganization = {全国文献工作标准化技术委员会},
	booktitle = {文献工作国家标准汇编：3},
	location = {北京},
	publisher = {中国标准出版社},
	year = {1988},
	pages = {59-92},
	language = {chinese},
}

@inproceedings{2-5,
	author = {钟文发},
	title = {非线性规划在可燃毒物配置中的应用},
	type = {C},
	bookauthor = {赵玮},
	booktitle = {运筹学的理论与应用：中国运筹学会第五届大会论文集},
	location = {西安},
	publisher = {西安电子科技大学出版社},
	year = {1996},
	pages = {468-471},
	language = {chinese},
}

@inproceedings{2-5_2,
	author = {钟文发},
	title = {同作者，同年测试},
	type = {C},
	bookauthor = {赵玮},
	booktitle = {运筹学的理论与应用：中国运筹学会第五届大会论文集},
	location = {西安},
	publisher = {西安电子科技大学出版社},
	year = {1996},
	pages = {468-471},
	language = {chinese},
}

@inproceedings{a6-4,
	author = {Fourney, M. E.},
	title = {Advances in holographic photoelasticity},
	type = {C},
	bookorganization= {{American Society of Mechanical Engineers, Applied Mechanics Division}},
	booktitle = {Symposium on Applications of Holography in Mechanics, August 23--25, 1971, University of Southern California, Los Angeles, California},
	location = {New York},
	publisher = {ASME},
	year = {c1971},
	pages = {17-38},
	language = {english},
}

@misc{a9-6,
	organization = {{Scitor Corporation}},
	title = {Project scheduler},
	type = {CP/DK},
	location = {Sunnyvale, Calif.},
	publisher = {Scitor Corporation},
	year = {c1983},
	language = {english},
}

@online{biblatex,
	author = {Lehman, Philipp},
	title = {The biblatex Package: Programmable Bibliographies and Citations (Version 2.8a)},
	type = {M/OL},
	date = {2013-11-25},
	url = {http://mirror.ctan.org/macros/latex/exptl/biblatex/},
	urldate = {2014-05-24},
	language = {english},
}

@online{ctex,
	author = {刘海洋 and 李青 and 黄晨成 and others},
	title = {ctex},
	date = {2016-04-25},
	url = {http://mirror.hust.edu.cn/CTAN/language/chinese/ctex/ctex.pdf},
	urldate = {2016-05-12},
	language = {chinese},
}
@online{biber,
	author = {Kime, Philip and Charette, Fran\c{c}ois},
	title = {Biber: A backend bibliography processor for biblatex (Version 1.8)},
	type = {M/OL},
	date = {2013-10-18},
	url = {http://mirror.ctan.org/biblio/biber/},
	urldate = {2014-05-24},
	language = {english},
}

@online{6-1,
	title = {PACS-L: the public-access computer systems forum},
	type = {EB/OL},
	location = {Houston, Tex},
	publisher = {University of Houston Libraries},
	year = {1989},
	url = {http://info.lib.uh.edu/pacsl.html},
	urldate = {1995-05-17},
	language = {english},
}

@online{6-2,
	organization= {{Online Computer Library Center, Inc.}},
	title = {History of OCLC},
	type = {EB/OL},
	url = {http://www.oclc.org/about/history/default.htm},
	urldate = {2000-01-08},
	language = {english},
}

@online{a9-2,
	author = {萧钰},
	title = {出版业信息化迈入快车道},
	type = {EB/OL},
	date = {2001-12-19},
	url = {http://www.creader.com/news/20011219/200112190019.html},
	urldate = {2002-04-15},
	language = {chinese},
}


@patent{a5-1,
	author = {刘加林},
	title = {多功能一次性压舌板},
	type = {P},
	location = {中国},
	number = {92214985.2},
	date = {1993-04-14},
	language = {chinese},
}

@patent{a5-3,
	author = {Koseki, A. and Momose, H. and Kawahito, M. and Other Authors},
	title = {Compiler},
	type = {P/OL},
	location = {US},
	number = {828402},
	date = {2002-05-25},
	url = {http://FF&p=1&u=netahtml/PTO/search-bool.html&r=5&f=
G&l=5&col=AND&d=PG01&sl=IBM.AS.&0S=AN/IBM&RS=AN/},
	urldate = {2002-02-28},
	language = {english},
}

@periodical{3-2,
	author = {中国图书馆学会},
	title = {图书馆学通讯},
	type = {J},
	sortyear = {1957},
	year = {1957(1) -- 1990(4)},
	location = {北京},
	publisher = {北京图书馆},
	language = {chinese},
}

@periodical{3-3,
	organization = {{American Association for the Advancement of Science}},
	title = {Science},
	type = {J},
	year = {1883},
	volume = {1},
	number = {1},
	location = {Washington, D. C.},
	publisher = {American Association for the Advancement of Science},
	language = {english},
}

@proceedings{a2-1,
	author = {中国力学学会},
	title = {第 3 届全国实验流体力学学术会议论文集},
	type = {C},
	location = {天津},
	year = {1990},
	language = {chinese},
}

@proceedings{1-11,
	editor = {Yufin, S. A.},
	title = {Geoecology and computers: proceedings of the Third International Conference on Advance of Computer Methods in Geotechnical and Geoenvironmental Engineering, Moscow, Russia, February 1--4, 2000},
	type = {C},
	location = {Rotterdam},
	publisher = {A. A. Balkema},
	language = {english},
}

@report{gbt7714-2005,
	author = {中华人民共和国国家质量监督检验检疫总局 and 中国标准化管理委员会},
	title = {GB/T 7714--2005 文后参考文献著录规则},
	type = {S},
	date = {2005-03-23},
	addendum = {（可见清华大学图书馆网页上的电子版：\url{http://lib.tsinghua.edu.cn/service/paperwriting.html}。）},
	urldate = {2014-05-24},
	language = {chinese},
}

@report{1-3,
	author = {全国文献工作标准化技术委员会第七分委员会},
	title = {GB/T 5795--1986 中国标准书号},
	type = {S},
	location = {北京},
	publisher = {中国标准出版社},
	year = {1986},
	language = {chinese},
}

@report{a3-1,
	author = {{U.S. Department of Transportation Federal Highway Administration}},
	title = {Guidelines for handling excavated acid-producing materials, PB 91-194001},
	type = {R},
	location = {Springfield},
	publisher = {U.S. Department of Commerce National Information Service},
	year = {1990},
	language = {english},
}

@thesis{a4-1,
	author = {张志祥},
	title = {间断动力系统的随机扰动及其在守恒律方程中的应用},
	type = {D},
	location = {北京},
	publisher = {北京大学数学学院},
	year = {1998},
	language = {chinese},
}
