@article{PhysRevE.66.046303,
  title = {Turbulence control by developing a spiral wave with a periodic signal injection in the complex Ginzburg-Landau equation},
  author = {Zhang, Hong and Hu, Bambi and Hu, Gang and Ouyang, Qi and Kurths, J.},
  journal = {Phys. Rev. E},
  volume = {66},
  issue = {4},
  pages = {046303},
  numpages = {5},
  year = {2002},
  month = {Oct},
  publisher = {American Physical Society},
  doi = {10.1103/PhysRevE.66.046303},
  url = {http://link.aps.org/doi/10.1103/PhysRevE.66.046303}
}


@article{PhysRevLett.76.1619,
  title = {Spiral Waves in Chaotic Systems},
  author = {Goryachev, Andrei and Kapral, Raymond},
  journal = {Phys. Rev. Lett.},
  volume = {76},
  issue = {10},
  pages = {1619--1622},
  numpages = {0},
  year = {1996},
  month = {Mar},
  publisher = {American Physical Society},
  usera={J},
  doi = {10.1103/PhysRevLett.76.1619},
  url = {http://link.aps.org/doi/10.1103/PhysRevLett.76.1619}
}

@book{latextutorial,
    author ={刘海洋},
    year={2013},
    month={6},
    title={\LaTeX 入门},
    publisher ={电子工业出版社},
    address={北京},
    usera={M}
}

@inbook{stokes,
    author ={Walter Rudin},
    title={Stokes' Theorem},
    bookauthor ={Walter Rudin},
    year={1976},
    booktitle={Priciples of Mathematical Analysis},
    publisher ={McGraw-Hill},
    address={American},
    pages={273-275},
    usera={M}
}
